<?xml version="1.0" encoding="UTF-8"?><collection xmlns="http://www.loc.gov/MARC21/slim"><record><leader>00501nam--2200181-i-4500</leader><controlfield tag="001">000020461</controlfield><controlfield tag="002">20161230</controlfield><controlfield tag="005">20161230201033</controlfield><controlfield tag="008">060222s1000------------r-----000-0-fre-d</controlfield><datafield ind1=" " ind2=" " tag="040"><subfield code="a">IFIN-HH</subfield></datafield><datafield ind1=" " ind2=" " tag="041"><subfield code="a">fre</subfield></datafield><datafield ind1=" " ind2=" " tag="080"><subfield code="a">681.785.5(043)</subfield></datafield><datafield ind1="1" ind2=" " tag="100"><subfield code="a">Connes, Pierre</subfield></datafield><datafield ind1="1" ind2="0" tag="245"><subfield code="a">Principe et realisation d'un nouveau type de spectrometre interferentiel</subfield><subfield code="b">These</subfield><subfield code="c">Pierre connes</subfield></datafield><datafield ind1=" " ind2=" " tag="260"><subfield code="a">Paris</subfield><subfield code="b">Universite De Paris</subfield><subfield code="c">1961</subfield></datafield><datafield ind1=" " ind2=" " tag="300"><subfield code="a">106p</subfield></datafield><datafield ind1=" " ind2=" " tag="852"><subfield code="a">77026</subfield><subfield code="c">535</subfield></datafield><datafield ind1=" " ind2=" " tag="CAT"><subfield code="a">Sys</subfield><subfield code="c">20110126</subfield><subfield code="h">135221</subfield></datafield></record></collection>